% This file was created with JabRef 2.7b.
% Encoding: ISO8859_1

@article{MonteCarlo,
    author    = "Metropolis, Nicholas and Stanislaw Ulam",
    title     = "{The Monte Carlo Method}",
    journal   = "Journal of the American Statistical Association",
    volume   = "44",
    number  = "247",
    pages    = "335-341",
    year      = "1949",
    month   = "September",
}

@article{SCRUM,
    author    = "M. Beedle, M. Devos, Y. Sharon, K. Schwaber, and J. Sutherland",
    title     = "Scrum- A Pattern Language for Software Development",
    journal   = "Pattern Languages of Program Design",
    volume   = "4",
    pages    = "637-651",
    year      = "1999",
}

@misc{website:ScrumRoles,
      author = "{{Scrum Alliance}}",
      title = "Core Scrum",
      month = "June",
      year = "2015",
      url = "https://www.scrumalliance.org/why-scrum/core-scrum-values-roles"
},

@INBOOK{ITC213,
  editor = {Theo Hahn},
  title = {International Tables For Crystallography},
  chapter = {2.1.3},
  pages = {14-16},
  publisher = {Springer},
  year = {2005},
  volume = {A}
}

http://34slpa7u66f159hfp1fhl9aur1.wpengine.netdna-cdn.com/wp-content/uploads/2014/05/Scrum-A-Pattern-Language-for-Software-Development.pdf
https://www.scrumalliance.org/why-scrum/core-scrum-values-roles